@article{okbay2016genome,
	title={Genome-wide association study identifies 74 loci associated with educational attainment},
	author={Okbay, Aysu and Beauchamp, Jonathan P and Fontana, Mark Alan and Lee, James J and Pers, Tune H and Rietveld, Cornelius A and Turley, Patrick and Chen, Guo-Bo and Emilsson, Valur and Meddens, S Fleur W and others},
	journal={Nature},
	volume={533},
	number={7604},
	pages={539},
	year={2016},
	publisher={Nature Publishing Group}
}

@article{rietveld2013gwas,
	title={GWAS of 126,559 individuals identifies genetic variants associated with educational attainment},
	author={Rietveld, Cornelius A and Medland, Sarah E and Derringer, Jaime and Yang, Jian and Esko, T{\~o}nu and Martin, Nicolas W and Westra, Harm-Jan and Shakhbazov, Konstantin and Abdellaoui, Abdel and Agrawal, Arpana and others},
	journal={science},
	volume={340},
	number={6139},
	pages={1467--1471},
	year={2013},
	publisher={American Association for the Advancement of Science}
}

@article{plomin2018new,
	title={The new genetics of intelligence},
	author={Plomin, Robert and von Stumm, Sophie},
	journal={Nature Reviews Genetics},
	volume={19},
	number={3},
	pages={148},
	year={2018},
	publisher={Nature Publishing Group}
}

@article{olds1998long,
	title={Long-term effects of nurse home visitation on children's criminal and antisocial behavior: 15-year follow-up of a randomized controlled trial},
	author={Olds, David and Henderson Jr, Charles R and Cole, Robert and Eckenrode, John and Kitzman, Harriet and Luckey, Dennis and Pettitt, Lisa and Sidora, Kimberly and Morris, Pamela and Powers, Jane},
	journal={Jama},
	volume={280},
	number={14},
	pages={1238--1244},
	year={1998},
	publisher={American Medical Association}
}

@article{campbell1994effects,
	title={Effects of early intervention on intellectual and academic achievement: a follow-up study of children from low-income families},
	author={Campbell, Frances A and Ramey, Craig T},
	journal={Child development},
	volume={65},
	number={2},
	pages={684--698},
	year={1994},
	publisher={Wiley Online Library}
}

@article{zou2009adaptive,
	title={On the adaptive elastic-net with a diverging number of parameters},
	author={Zou, Hui and Zhang, Hao Helen},
	journal={Annals of statistics},
	volume={37},
	number={4},
	pages={1733},
	year={2009},
	publisher={NIH Public Access}
}

@article{buuren2010mice,
	title={mice: Multivariate imputation by chained equations in R},
	author={Buuren, S van and Groothuis-Oudshoorn, Karin},
	journal={Journal of statistical software},
	pages={1--68},
	year={2010},
	publisher={University of California, Los Angeles}
}

@article{nardi2008asymptotic,
	title={On the asymptotic properties of the group lasso estimator for linear models},
	author={Nardi, Yuval and Rinaldo, Alessandro and others},
	journal={Electronic Journal of Statistics},
	volume={2},
	pages={605--633},
	year={2008},
	publisher={The Institute of Mathematical Statistics and the Bernoulli Society}
}

@article{wang2007regression,
	title={Regression coefficient and autoregressive order shrinkage and selection via the lasso},
	author={Wang, Hansheng and Li, Guodong and Tsai, Chih-Ling},
	journal={Journal of the Royal Statistical Society: Series B (Statistical Methodology)},
	volume={69},
	number={1},
	pages={63--78},
	year={2007},
	publisher={Wiley Online Library}
}


@article{connors1995controlled,
  title={A controlled trial to improve care for seriously iII hospitalized patients: The study to understand prognoses and preferences for outcomes and risks of treatments (SUPPORT)},
  author={Connors, Alfred F and Dawson, Neal V and Desbiens, Norman A and Fulkerson, William J and Goldman, Lee and Knaus, William A and Lynn, Joanne and Oye, Robert K and Bergner, Marilyn and Damiano, Anne and others},
  journal={Jama},
  volume={274},
  number={20},
  pages={1591--1598},
  year={1995},
  publisher={American Medical Association}
}


@article{huang2010variable,
	title={Variable selection in nonparametric additive models},
	author={Huang, Jian and Horowitz, Joel L and Wei, Fengrong},
	journal={Annals of statistics},
	volume={38},
	number={4},
	pages={2282},
	year={2010},
	publisher={NIH Public Access}
}

@article{johnson2017non,
	title={Non-linear patterns in age-related DNA methylation may reflect CD4+ T cell differentiation},
	author={Johnson, Nicholas D and Wiener, Howard W and Smith, Alicia K and Nishitani, Shota and Absher, Devin M and Arnett, Donna K and Aslibekyan, Stella and Conneely, Karen N},
	journal={Epigenetics},
	volume={12},
	number={6},
	pages={492--503},
	year={2017},
	publisher={Taylor \& Francis}
}

@article{bhatnagar2018analytic,
	title={An analytic approach for interpretable predictive models in high-dimensional data in the presence of interactions with exposures},
	author={Bhatnagar, Sahir Rai and Yang, Yi and Khundrakpam, Budhachandra and Evans, Alan C and Blanchette, Mathieu and Bouchard, Luigi and Greenwood, Celia MT},
	journal={Genetic epidemiology},
	volume={42},
	number={3},
	pages={233--249},
	year={2018},
	publisher={Wiley Online Library}
}

@article{ning2018classifying,
	title={Classifying Alzheimer's disease with brain imaging and genetic data using a neural network framework},
	author={Ning, Kaida and Chen, Bo and Sun, Fengzhu and Hobel, Zachary and Zhao, Lu and Matloff, Will and Toga, Arthur W and Alzheimer's Disease Neuroimaging Initiative and others},
	journal={Neurobiology of aging},
	year={2018},
	publisher={Elsevier}
}

@book{buhlmann2011statistics,
	title={Statistics for high-dimensional data: methods, theory and applications},
	author={B{\"u}hlmann, Peter and Van De Geer, Sara},
	year={2011},
	publisher={Springer Science \& Business Media}
}


@article{haris2016nonparametric,
	title={Nonparametric Regression with Adaptive Truncation via a Convex Hierarchical Penalty},
	author={Haris, Asad and Shojaie, Ali and Simon, Noah},
	journal={arXiv preprint arXiv:1611.09972},
	year={2016}
}

@article{tibshirani2017pliable,
	title={A Pliable Lasso},
	author={Tibshirani, Robert and Friedman, Jerome},
	journal={arXiv preprint arXiv:1712.00484},
	year={2017}
}

@article{ravikumar2009sparse,
	title={Sparse additive models},
	author={Ravikumar, Pradeep and Lafferty, John and Liu, Han and Wasserman, Larry},
	journal={Journal of the Royal Statistical Society: Series B (Statistical Methodology)},
	volume={71},
	number={5},
	pages={1009--1030},
	year={2009},
	publisher={Wiley Online Library}
}

@article{lin2006component,
	title={Component selection and smoothing in multivariate nonparametric regression},
	author={Lin, Yi and Zhang, Hao Helen and others},
	journal={The Annals of Statistics},
	volume={34},
	number={5},
	pages={2272--2297},
	year={2006},
	publisher={Institute of Mathematical Statistics}
}

@article{chouldechova2015generalized,
	title={Generalized additive model selection},
	author={Chouldechova, Alexandra and Hastie, Trevor},
	journal={arXiv preprint arXiv:1506.03850},
	year={2015}
}

@article{ge2015kernel,
  title={A Kernel Machine Method for Detecting Effects of Interaction Between Multidimensional Variable Sets: An Imaging Genetics Application},
  author={Ge, Tian and Nichols, Thomas E and Ghosh, Debashis and Mormino, Elizabeth C and Smoller, Jordan W and Sabuncu, Mert R and Alzheimer’s Disease Neuroimaging Initiative and others},
  journal={NeuroImage},
  year={2015},
  publisher={Elsevier}
}

@article{liu2007semiparametric,
  title={Semiparametric Regression of Multidimensional Genetic Pathway Data: Least-Squares Kernel Machines and Linear Mixed Models},
  author={Liu, Dawei and Lin, Xihong and Ghosh, Debashis},
  journal={Biometrics},
  volume={63},
  number={4},
  pages={1079--1088},
  year={2007},
  publisher={Wiley Online Library}
}

@article{kostka2004finding,
  title={Finding disease specific alterations in the co-expression of genes},
  author={Kostka, Dennis and Spang, Rainer},
  journal={Bioinformatics},
  volume={20},
  number={suppl 1},
  pages={i194--i199},
  year={2004},
  publisher={Oxford Univ Press}
}


@article{manuck2014gene,
  title={Gene-environment interaction},
  author={Manuck, Stephen B and McCaffery, Jeanne M},
  journal={Annual review of psychology},
  volume={65},
  pages={41--70},
  year={2014},
  publisher={Annual Reviews}
}


@article{duncan2011critical,
  title={A critical review of the first 10 years of candidate gene-by-environment interaction research in psychiatry},
  author={Duncan, Laramie E and Keller, Matthew C},
  journal={Perspectives},
  volume={168},
  number={10},
  year={2011},
  publisher={Am Psychiatric Assoc}
}

@article{o2014maternal,
  title={The maternal adversity, vulnerability and neurodevelopment project: theory and methodology},
  author={O’Donnell, Katherine A and Gaudreau, H{\'e}l{\`e}ne and Colalillo, Sara and Steiner, Meir and Atkinson, Leslie and Moss, Ellen and Goldberg, Susan and Karama, Sherif and Matthews, Stephen G and Lydon, John E and others},
  journal={Canadian journal of psychiatry. Revue canadienne de psychiatrie},
  volume={59},
  number={9},
  pages={497},
  year={2014},
  publisher={Canadian Psychiatric Association}
}

@article{cordell2009detecting,
  title={Detecting gene--gene interactions that underlie human diseases},
  author={Cordell, Heather J},
  journal={Nature Reviews Genetics},
  volume={10},
  number={6},
  pages={392--404},
  year={2009},
  publisher={Nature Publishing Group}
}




@article{ralston2008environment,
  title={Environment controls gene expression: Sex determination and the onset of genetic disorders},
  author={Ralston, A and Shaw, K},
  journal={Nature Education},
  volume={1},
  number={1},
  pages={203},
  year={2008}
}

@article{hunter2005gene,
  title={Gene--environment interactions in human diseases},
  author={Hunter, David J},
  journal={Nature Reviews Genetics},
  volume={6},
  number={4},
  pages={287--298},
  year={2005},
  publisher={Nature Publishing Group}
}

@article{kang2005apolipoprotein,
  title={Apolipoprotein E, cardiovascular disease and cognitive function in aging women},
  author={Kang, Jae Hee and Logroscino, Giancarlo and De Vivo, Immaculata and Hunter, David and Grodstein, Francine},
  journal={Neurobiology of aging},
  volume={26},
  number={4},
  pages={475--484},
  year={2005},
  publisher={Elsevier}
}

@article{chan2005genetic,
  title={Genetic variants in the UGT1A6 enzyme, aspirin use, and the risk of colorectal adenoma},
  author={Chan, Andrew T and Tranah, Gregory J and Giovannucci, Edward L and Hunter, David J and Fuchs, Charles S},
  journal={Journal of the National Cancer Institute},
  volume={97},
  number={6},
  pages={457--460},
  year={2005},
  publisher={Oxford University Press}
}

@article{caspi2003influence,
  title={Influence of life stress on depression: moderation by a polymorphism in the 5-HTT gene},
  author={Caspi, Avshalom and Sugden, Karen and Moffitt, Terrie E and Taylor, Alan and Craig, Ian W and Harrington, HonaLee and McClay, Joseph and Mill, Jonathan and Martin, Judy and Braithwaite, Antony and others},
  journal={Science},
  volume={301},
  number={5631},
  pages={386--389},
  year={2003},
  publisher={American Association for the Advancement of Science}
}

@article{ottman1996gene,
  title={Gene--environment interaction: definitions and study designs},
  author={Ottman, Ruth},
  journal={Preventive medicine},
  volume={25},
  number={6},
  pages={764},
  year={1996},
  publisher={NIH Public Access}
}

@article{bakermans2015hidden,
  title={The hidden efficacy of interventions: Gene$\times$ environment experiments from a differential susceptibility perspective},
  author={Bakermans-Kranenburg, Marian J and Van IJzendoorn, Marinus H},
  journal={Annual review of psychology},
  volume={66},
  pages={381--409},
  year={2015},
  publisher={Annual Reviews}
}

@article{ritchie2015methods,
  title={Methods of integrating data to uncover genotype-phenotype interactions},
  author={Ritchie, Marylyn D and Holzinger, Emily R and Li, Ruowang and Pendergrass, Sarah A and Kim, Dokyoon},
  journal={Nature Reviews Genetics},
  volume={16},
  number={2},
  pages={85--97},
  year={2015},
  publisher={Nature Publishing Group}
}

@article{hemani2014detection,
  title={Detection and replication of epistasis influencing transcription in humans},
  author={Hemani, Gibran and Shakhbazov, Konstantin and Westra, Harm-Jan and Esko, Tonu and Henders, Anjali K and McRae, Allan F and Yang, Jian and Gibson, Greg and Martin, Nicholas G and Metspalu, Andres and others},
  journal={Nature},
  volume={508},
  number={7495},
  pages={249--253},
  year={2014},
  publisher={Nature Publishing Group}
}

@article{buil2015gene,
  title={Gene-gene and gene-environment interactions detected by transcriptome sequence analysis in twins},
  author={Buil, Alfonso and Brown, Andrew Anand and Lappalainen, Tuuli and Vi{\~n}uela, Ana and Davies, Matthew N and Zheng, Hou-Feng and Richards, J Brent and Glass, Daniel and Small, Kerrin S and Durbin, Richard and others},
  journal={Nature genetics},
  volume={47},
  number={1},
  pages={88--91},
  year={2015},
  publisher={Nature Publishing Group}
}

@article{cortessis2012environmental,
  title={Environmental epigenetics: prospects for studying epigenetic mediation of exposure--response relationships},
  author={Cortessis, Victoria K and Thomas, Duncan C and Levine, A Joan and Breton, Carrie V and Mack, Thomas M and Siegmund, Kimberly D and Haile, Robert W and Laird, Peter W},
  journal={Human genetics},
  volume={131},
  number={10},
  pages={1565--1589},
  year={2012},
  publisher={Springer}
}

@article{saeys2007review,
  title={A review of feature selection techniques in bioinformatics},
  author={Saeys, Yvan and Inza, I{\~n}aki and Larra{\~n}aga, Pedro},
  journal={bioinformatics},
  volume={23},
  number={19},
  pages={2507--2517},
  year={2007},
  publisher={Oxford Univ Press}
}

@book{pluess2015genetics,
  title={Genetics of Psychological Well-Being: The role of heritability and genetics in positive psychology},
  author={Pluess, M.},
  isbn={9780191510205},
  series={Series in Positive Psychology},
  url={https://books.google.ca/books?id=WyXvCQAAQBAJ},
  year={2015},
  publisher={OUP Oxford}
}

@article{meaney2010epigenetics,
  title={Epigenetics and the biological definition of gene$\times$ environment interactions},
  author={Meaney, Michael J},
  journal={Child development},
  volume={81},
  number={1},
  pages={41--79},
  year={2010},
  publisher={Wiley Online Library}
}

@article{fan2001variable,
  title={Variable selection via nonconcave penalized likelihood and its oracle properties},
  author={Fan, Jianqing and Li, Runze},
  journal={Journal of the American statistical Association},
  volume={96},
  number={456},
  pages={1348--1360},
  year={2001},
  publisher={Taylor \& Francis}
}

@article{ober2011gene,
  title={Gene--environment interactions in human disease: nuisance or opportunity?},
  author={Ober, Carole and Vercelli, Donata},
  journal={Trends in genetics},
  volume={27},
  number={3},
  pages={107--115},
  year={2011},
  publisher={Elsevier}
}

@article{thomas2010gene,
  title={Gene--environment-wide association studies: emerging approaches},
  author={Thomas, Duncan},
  journal={Nature Reviews Genetics},
  volume={11},
  number={4},
  pages={259--272},
  year={2010},
  publisher={Nature Publishing Group}
}


@article{manolio2009finding,
  title={Finding the missing heritability of complex diseases},
  author={Manolio, Teri A and Collins, Francis S and Cox, Nancy J and Goldstein, David B and Hindorff, Lucia A and Hunter, David J and McCarthy, Mark I and Ramos, Erin M and Cardon, Lon R and Chakravarti, Aravinda and others},
  journal={Nature},
  volume={461},
  number={7265},
  pages={747--753},
  year={2009},
  publisher={Nature Publishing Group}
}

@article{van2011methylation,
  title={Methylation matters in child development: Toward developmental behavioral epigenetics},
  author={van IJzendoorn, Marinus H and Bakermans-Kranenburg, Marian J and Ebstein, Richard P},
  journal={Child Development Perspectives},
  volume={5},
  number={4},
  pages={305--310},
  year={2011},
  publisher={Wiley Online Library}
}

@article{fraga2005epigenetic,
  title={Epigenetic differences arise during the lifetime of monozygotic twins},
  author={Fraga, Mario F and Ballestar, Esteban and Paz, Maria F and Ropero, Santiago and Setien, Fernando and Ballestar, Maria L and Heine-Su{\~n}er, Damia and Cigudosa, Juan C and Urioste, Miguel and Benitez, Javier and others},
  journal={Proceedings of the National Academy of Sciences of the United States of America},
  volume={102},
  number={30},
  pages={10604--10609},
  year={2005},
  publisher={National Acad Sciences}
}

@article{tamari2014coordination,
  title={Coordination of Gene Expression and Growth-Rate in Natural Populations of Budding Yeast},
  author={Tamari, Zvi and Rosin, Dalia and Voichek, Yoav and Barkai, Naama},
  journal={PloS one},
  volume={9},
  number={2},
  pages={e88801},
  year={2014},
  publisher={Public Library of Science}
}

@article{smith2008gene,
  title={Gene-environment interaction in yeast gene expression},
  author={Smith, Erin N and Kruglyak, Leonid},
  journal={PLoS Biol},
  volume={6},
  number={4},
  pages={e83},
  year={2008}
}

@article{weaver2004epigenetic,
  title={Epigenetic programming by maternal behavior},
  author={Weaver, Ian CG and Cervoni, Nadia and Champagne, Frances A and D'Alessio, Ana C and Sharma, Shakti and Seckl, Jonathan R and Dymov, Sergiy and Szyf, Moshe and Meaney, Michael J},
  journal={Nature neuroscience},
  volume={7},
  number={8},
  pages={847--854},
  year={2004},
  publisher={Nature Publishing Group}
}

@article{leek2008general,
  title={A general framework for multiple testing dependence},
  author={Leek, Jeffrey T and Storey, John D},
  journal={Proceedings of the National Academy of Sciences},
  volume={105},
  number={48},
  pages={18718--18723},
  year={2008},
  publisher={National Acad Sciences}
}

@article{lin2013test,
  title={Test for interactions between a genetic marker set and environment in generalized linear models},
  author={Lin, Xinyi and Lee, Seunggeun and Christiani, David C and Lin, Xihong},
  journal={Biostatistics},
  pages={kxt006},
  year={2013},
  publisher={Biometrika Trust}
}

@article{witten2014cluster,
  title={The cluster elastic net for High-Dimensional regression with unknown variable grouping},
  author={Witten, Daniela M and Shojaie, Ali and Zhang, Fan},
  journal={Technometrics},
  volume={56},
  number={1},
  pages={112--122},
  year={2014},
  publisher={Taylor \& Francis}
}

@article{yengo2014variable,
  title={Variable clustering in high dimensional linear regression models},
  author={Yengo, Lo{\"\i}c and Jacques, Julien and Biernacki, Christophe},
  journal={Journal de la Soci{\'e}t{\'e} Fran{\c{c}}aise de Statistique},
  volume={155},
  number={2},
  pages={38--56},
  year={2014}
}

@article{sharma2013consistent,
  title={Consistent group identification and variable selection in regression with correlated predictors},
  author={Sharma, Dhruv B and Bondell, Howard D and Zhang, Hao Helen},
  journal={Journal of Computational and Graphical Statistics},
  volume={22},
  number={2},
  pages={319--340},
  year={2013},
  publisher={Taylor \& Francis}
}

@book{friedman2001elements,
  title={The elements of statistical learning},
  author={Friedman, Jerome and Hastie, Trevor and Tibshirani, Robert},
  volume={1},
  year={2001},
  publisher={Springer series in statistics Springer, Berlin}
}

@article{kalousis2007stability,
  title={Stability of feature selection algorithms: a study on high-dimensional spaces},
  author={Kalousis, Alexandros and Prados, Julien and Hilario, Melanie},
  journal={Knowledge and information systems},
  volume={12},
  number={1},
  pages={95--116},
  year={2007},
  publisher={Springer}
}

@article{rand1971objective,
  title={Objective criteria for the evaluation of clustering methods},
  author={Rand, William M},
  journal={Journal of the American Statistical association},
  volume={66},
  number={336},
  pages={846--850},
  year={1971},
  publisher={Taylor \& Francis Group}
}

@article{jaccard1912distribution,
  title={The distribution of the flora in the alpine zone},
  author={Jaccard, Paul},
  journal={New phytologist},
  volume={11},
  number={2},
  pages={37--50},
  year={1912},
  publisher={JSTOR}
}
@article{buhlmann2013correlated,
  title={Correlated variables in regression: clustering and sparse estimation},
  author={B{\"u}hlmann, Peter and R{\"u}timann, Philipp and van de Geer, Sara and Zhang, Cun-Hui},
  journal={Journal of Statistical Planning and Inference},
  volume={143},
  number={11},
  pages={1835--1858},
  year={2013},
  publisher={Elsevier}
}

@article{pearson1895note,
  title={Note on regression and inheritance in the case of two parents},
  author={Pearson, Karl},
  journal={Proceedings of the Royal Society of London},
  pages={240--242},
  year={1895},
  publisher={JSTOR}
}

@article{spearman1904proof,
  title={The proof and measurement of association between two things},
  author={Spearman, Charles},
  journal={The American journal of psychology},
  volume={15},
  number={1},
  pages={72--101},
  year={1904},
  publisher={JSTOR}
}

@article{eisen1998cluster,
  title={Cluster analysis and display of genome-wide expression patterns},
  author={Eisen, Michael B and Spellman, Paul T and Brown, Patrick O and Botstein, David},
  journal={Proceedings of the National Academy of Sciences},
  volume={95},
  number={25},
  pages={14863--14868},
  year={1998},
  publisher={National Acad Sciences}
}

@article{bowtell1999options,
  title={Options available—from start to finish—for obtaining expression data by microarray},
  author={Bowtell, David DL},
  journal={Nature genetics},
  volume={21},
  pages={25--32},
  year={1999},
  publisher={Nature Publishing Group}
}

@article{chiaretti2004gene,
  title={Gene expression profile of adult T-cell acute lymphocytic leukemia identifies distinct subsets of patients with different response to therapy and survival},
  author={Chiaretti, Sabina and Li, Xiaochun and Gentleman, Robert and Vitale, Antonella and Vignetti, Marco and Mandelli, Franco and Ritz, Jerome and Foa, Robin},
  journal={Blood},
  volume={103},
  number={7},
  pages={2771--2778},
  year={2004},
  publisher={Am Soc Hematology}
}

@article{yeoh2002classification,
  title={Classification, subtype discovery, and prediction of outcome in pediatric acute lymphoblastic leukemia by gene expression profiling},
  author={Yeoh, Eng-Juh and Ross, Mary E and Shurtleff, Sheila A and Williams, W Kent and Patel, Divyen and Mahfouz, Rami and Behm, Fred G and Raimondi, Susana C and Relling, Mary V and Patel, Anami and others},
  journal={Cancer cell},
  volume={1},
  number={2},
  pages={133--143},
  year={2002},
  publisher={Elsevier}
}

@article{armstrong2003inhibition,
  title={Inhibition of FLT3 in MLL: validation of a therapeutic target identified by gene expression based classification},
  author={Armstrong, Scott A and Kung, Andrew L and Mabon, Meghann E and Silverman, Lewis B and Stam, Ronald W and Den Boer, Monique L and Pieters, Rob and Kersey, John H and Sallan, Stephen E and Fletcher, Jonathan A and others},
  journal={Cancer cell},
  volume={3},
  number={2},
  pages={173--183},
  year={2003},
  publisher={Elsevier}
}

@article{singh2002gene,
  title={Gene expression correlates of clinical prostate cancer behavior},
  author={Singh, Dinesh and Febbo, Phillip G and Ross, Kenneth and Jackson, Donald G and Manola, Judith and Ladd, Christine and Tamayo, Pablo and Renshaw, Andrew A and D'Amico, Anthony V and Richie, Jerome P and others},
  journal={Cancer cell},
  volume={1},
  number={2},
  pages={203--209},
  year={2002},
  publisher={Elsevier}
}

@article{watson2006coxpress,
  title={CoXpress: differential co-expression in gene expression data},
  author={Watson, Michael},
  journal={BMC bioinformatics},
  volume={7},
  number={1},
  pages={509},
  year={2006},
  publisher={BioMed Central Ltd}
}

@article{schadt2009molecular,
  title={Molecular networks as sensors and drivers of common human diseases},
  author={Schadt, Eric E},
  journal={Nature},
  volume={461},
  number={7261},
  pages={218--223},
  year={2009},
  publisher={Nature Publishing Group}
}

@article{de2010differential,
  title={From ‘differential expression’to ‘differential networking’--identification of dysfunctional regulatory networks in diseases},
  author={de la Fuente, Alberto},
  journal={Trends in genetics},
  volume={26},
  number={7},
  pages={326--333},
  year={2010},
  publisher={Elsevier}
}

@article{fan2014challenges,
  title={Challenges of big data analysis},
  author={Fan, Jianqing and Han, Fang and Liu, Han},
  journal={National science review},
  volume={1},
  number={2},
  pages={293--314},
  year={2014},
  publisher={Oxford University Press}
}

@article{chen2008variations,
  title={Variations in DNA elucidate molecular networks that cause disease},
  author={Chen, Yanqing and Zhu, Jun and Lum, Pek Yee and Yang, Xia and Pinto, Shirly and MacNeil, Douglas J and Zhang, Chunsheng and Lamb, John and Edwards, Stephen and Sieberts, Solveig K and others},
  journal={Nature},
  volume={452},
  number={7186},
  pages={429--435},
  year={2008},
  publisher={Nature Publishing Group}
}

@article{dick2014dna,
  title={DNA methylation and body-mass index: a genome-wide analysis},
  author={Dick, Katherine J and Nelson, Christopher P and Tsaprouni, Loukia and Sandling, Johanna K and A{\"\i}ssi, Dylan and Wahl, Simone and Meduri, Eshwar and Morange, Pierre-Emmanuel and Gagnon, France and Grallert, Harald and others},
  journal={The Lancet},
  volume={383},
  number={9933},
  pages={1990--1998},
  year={2014},
  publisher={Elsevier}
}

@article{nayak2009coexpression,
  title={Coexpression network based on natural variation in human gene expression reveals gene interactions and functions},
  author={Nayak, Renuka R and Kearns, Michael and Spielman, Richard S and Cheung, Vivian G},
  journal={Genome research},
  volume={19},
  number={11},
  pages={1953--1962},
  year={2009},
  publisher={Cold Spring Harbor Lab}
}

@article{amar2013dissection,
  title={Dissection of regulatory networks that are altered in disease via differential co-expression},
  author={Amar, David and Safer, Hershel and Shamir, Ron},
  journal={PLOS Computational Biology},
  year={2013}
}


@article{nica2008using,
  title={Using gene expression to investigate the genetic basis of complex disorders},
  author={Nica, Alexandra C and Dermitzakis, Emmanouil T},
  journal={Human molecular genetics},
  volume={17},
  number={R2},
  pages={R129--R134},
  year={2008},
  publisher={Oxford Univ Press}
}


@article{lockhart2000genomics,
  title={Genomics, gene expression and DNA arrays},
  author={Lockhart, David J and Winzeler, Elizabeth A},
  journal={nature},
  volume={405},
  number={6788},
  pages={827--836},
  year={2000},
  publisher={Nature Publishing Group}
}

@article{golub1999molecular,
  title={Molecular classification of cancer: class discovery and class prediction by gene expression monitoring},
  author={Golub, Todd R and Slonim, Donna K and Tamayo, Pablo and Huard, Christine and Gaasenbeek, Michelle and Mesirov, Jill P and Coller, Hilary and Loh, Mignon L and Downing, James R and Caligiuri, Mark A and others},
  journal={science},
  volume={286},
  number={5439},
  pages={531--537},
  year={1999},
  publisher={American Association for the Advancement of Science}
}

@article{subramanian2005gene,
  title={Gene set enrichment analysis: a knowledge-based approach for interpreting genome-wide expression profiles},
  author={Subramanian, Aravind and Tamayo, Pablo and Mootha, Vamsi K and Mukherjee, Sayan and Ebert, Benjamin L and Gillette, Michael A and Paulovich, Amanda and Pomeroy, Scott L and Golub, Todd R and Lander, Eric S and others},
  journal={Proceedings of the National Academy of Sciences of the United States of America},
  volume={102},
  number={43},
  pages={15545--15550},
  year={2005},
  publisher={National Acad Sciences}
}

@article{wang2007pathway,
  title={Pathway-based approaches for analysis of genomewide association studies},
  author={Wang, Kai and Li, Mingyao and Bucan, Maja},
  journal={The American Journal of Human Genetics},
  volume={81},
  number={6},
  pages={1278--1283},
  year={2007},
  publisher={Elsevier}
}
@article{cui2003statistical,
  title={Statistical tests for differential expression in cDNA microarray experiments},
  author={Cui, Xiangqin and Churchill, Gary A and others},
  journal={Genome Biol},
  volume={4},
  number={4},
  pages={210},
  year={2003}
}

@article{segal2003module,
  title={Module networks: identifying regulatory modules and their condition-specific regulators from gene expression data},
  author={Segal, Eran and Shapira, Michael and Regev, Aviv and Pe'er, Dana and Botstein, David and Koller, Daphne and Friedman, Nir},
  journal={Nature genetics},
  volume={34},
  number={2},
  pages={166--176},
  year={2003},
  publisher={Nature Publishing Group}
}

  @Manual{copd,
    title = {COPDSexualDimorphism.data: Data to support sexually dimorphic and COPD differential
analysis for gene expression and methylation.},
    author = {J Fah Sathirapongsasuti},
    year = {2013},
    note = {R package version 1.4.0}
  }


@article{bouvette2015maternal,
  title={Maternal childhood adversity and child temperament: An association moderated by child 5-HTTLPR genotype},
  author={Bouvette-Turcot, Andr{\'e}e-Anne and Fleming, AS and Wazana, A and Sokolowski, MB and Gaudreau, H and Gonzalez, A and Deslauriers, J and Kennedy, JL and Steiner, M and Meaney, MJ},
  journal={Genes, Brain and Behavior},
  volume={14},
  number={3},
  pages={229--237},
  year={2015},
  publisher={Wiley Online Library}
}

@article{sieberts2007moving,
  title={Moving toward a system genetics view of disease},
  author={Sieberts, Solveig K and Schadt, Eric E},
  journal={Mammalian Genome},
  volume={18},
  number={6-7},
  pages={389--401},
  year={2007},
  publisher={Springer}
}

@article{evans2006nih,
  title={The NIH MRI study of normal brain development},
  author={Evans, Alan C and Brain Development Cooperative Group and others},
  journal={Neuroimage},
  volume={30},
  number={1},
  pages={184--202},
  year={2006},
  publisher={Elsevier}
}

@article{do2011effect,
  title={The effect of chromosome 9p21 variants on cardiovascular disease may be modified by dietary intake: evidence from a case/control and a prospective study},
  author={Do, Ron and Xie, Changchun and Zhang, Xiaohe and Mannisto, Satu and Harald, Kennet and Islam, Shofiqul and Bailey, Swneke D and Rangarajan, Sumathy and McQueen, Matthew J and Diaz, Rafael and others},
  journal={PLoS medicine},
  volume={8},
  number={10},
  pages={1341},
  year={2011}
}

@article{emilsson2008genetics,
  title={Genetics of gene expression and its effect on disease},
  author={Emilsson, Valur and Thorleifsson, Gudmar and Zhang, Bin and Leonardson, Amy S and Zink, Florian and Zhu, Jun and Carlson, Sonia and Helgason, Agnar and Walters, G Bragi and Gunnarsdottir, Steinunn and others},
  journal={Nature},
  volume={452},
  number={7186},
  pages={423--428},
  year={2008},
  publisher={Nature Publishing Group}
}

@article{segal2003regression,
  title={Regression approaches for microarray data analysis},
  author={Segal, Mark R and Dahlquist, Kam D and Conklin, Bruce R},
  journal={Journal of Computational Biology},
  volume={10},
  number={6},
  pages={961--980},
  year={2003},
  publisher={Mary Ann Liebert, Inc.}
}

@book{hastie2015statistical,
  title={Statistical Learning with Sparsity: The Lasso and Generalizations},
  author={Hastie, Trevor and Tibshirani, Robert and Wainwright, Martin},
  year={2015},
  publisher={CRC Press}
}

@article{tibshirani1996regression,
  title={Regression shrinkage and selection via the lasso},
  author={Tibshirani, Robert},
  journal={Journal of the Royal Statistical Society. Series B (Methodological)},
  pages={267--288},
  year={1996},
  publisher={JSTOR}
}

@article{hoerl1970ridge,
  title={Ridge regression: Biased estimation for nonorthogonal problems},
  author={Hoerl, Arthur E and Kennard, Robert W},
  journal={Technometrics},
  volume={12},
  number={1},
  pages={55--67},
  year={1970},
  publisher={Taylor \& Francis Group}
}

@article{zou2005regularization,
  title={Regularization and variable selection via the elastic net},
  author={Zou, Hui and Hastie, Trevor},
  journal={Journal of the Royal Statistical Society: Series B (Statistical Methodology)},
  volume={67},
  number={2},
  pages={301--320},
  year={2005},
  publisher={Wiley Online Library}
}

@article{zhang2010nearly,
  title={Nearly unbiased variable selection under minimax concave penalty},
  author={Zhang, Cun-Hui},
  journal={The Annals of Statistics},
  pages={894--942},
  year={2010},
  publisher={JSTOR}
}

@article{zou2006adaptive,
  title={The adaptive lasso and its oracle properties},
  author={Zou, Hui},
  journal={Journal of the American statistical association},
  volume={101},
  number={476},
  pages={1418--1429},
  year={2006},
  publisher={Taylor \& Francis}
}

@article{tibshirani2005sparsity,
  title={Sparsity and smoothness via the fused lasso},
  author={Tibshirani, Robert and Saunders, Michael and Rosset, Saharon and Zhu, Ji and Knight, Keith},
  journal={Journal of the Royal Statistical Society: Series B (Statistical Methodology)},
  volume={67},
  number={1},
  pages={91--108},
  year={2005},
  publisher={Wiley Online Library}
}

@article{meinshausen2007relaxed,
  title={Relaxed lasso},
  author={Meinshausen, Nicolai},
  journal={Computational Statistics \& Data Analysis},
  volume={52},
  number={1},
  pages={374--393},
  year={2007},
  publisher={Elsevier}
}

@article{bach2012structured,
  title={Structured sparsity through convex optimization},
  author={Bach, Francis and Jenatton, Rodolphe and Mairal, Julien and Obozinski, Guillaume and others},
  journal={Statistical Science},
  volume={27},
  number={4},
  pages={450--468},
  year={2012},
  publisher={Institute of Mathematical Statistics}
}

@article{tzourio2002automated,
  title={Automated anatomical labeling of activations in SPM using a macroscopic anatomical parcellation of the MNI MRI single-subject brain},
  author={Tzourio-Mazoyer, Nathalie and Landeau, Brigitte and Papathanassiou, Dimitri and Crivello, Fabrice and Etard, Olivier and Delcroix, Nicolas and Mazoyer, Bernard and Joliot, Marc},
  journal={Neuroimage},
  volume={15},
  number={1},
  pages={273--289},
  year={2002},
  publisher={Elsevier}
}

@article{yuan2006model,
  title={Model selection and estimation in regression with grouped variables},
  author={Yuan, Ming and Lin, Yi},
  journal={Journal of the Royal Statistical Society: Series B (Statistical Methodology)},
  volume={68},
  number={1},
  pages={49--67},
  year={2006},
  publisher={Wiley Online Library}
}

@article{hastie2001supervised,
  title={Supervised harvesting of expression trees},
  author={Hastie, Trevor and Tibshirani, Robert and Botstein, David and Brown, Patrick},
  journal={Genome Biology},
  volume={2},
  number={1},
  pages={1--0003},
  year={2001},
  publisher={BioMed Central Ltd}
}

@article{park2007averaged,
  title={Averaged gene expressions for regression},
  author={Park, Mee Young and Hastie, Trevor and Tibshirani, Robert},
  journal={Biostatistics},
  volume={8},
  number={2},
  pages={212--227},
  year={2007},
  publisher={Biometrika Trust}
}

@article{dettling2004finding,
  title={Finding predictive gene groups from microarray data},
  author={Dettling, Marcel and B{\"u}hlmann, Peter},
  journal={Journal of Multivariate Analysis},
  volume={90},
  number={1},
  pages={106--131},
  year={2004},
  publisher={Elsevier}
}

@book{kendall1975multivariate,
  title={A Course in Multivariate analysis},
  author={Kendall, Maurice},
  year={1957},
  publisher={London: Griffin}
}



@article{timpson2018genetic,
	title={Genetic architecture: the shape of the genetic contribution to human traits and disease},
	author={Timpson, Nicholas J and Greenwood, Celia MT and Soranzo, Nicole and Lawson, Daniel J and Richards, J Brent},
	journal={Nature Reviews Genetics},
	volume={19},
	number={2},
	pages={110},
	year={2018},
	publisher={Nature Publishing Group}
}

@article{petersen2010alzheimer,
	title={Alzheimer's disease Neuroimaging Initiative (ADNI) clinical characterization},
	author={Petersen, Ronald Carl and Aisen, PS and Beckett, LA and Donohue, MC and Gamst, AC and Harvey, DJ and Jack, CR and Jagust, WJ and Shaw, LM and Toga, AW and others},
	journal={Neurology},
	volume={74},
	number={3},
	pages={201--209},
	year={2010},
	publisher={AAN Enterprises}
}

@article{kanehisa2008kegg,
  title={KEGG for linking genomes to life and the environment},
  author={Kanehisa, Minoru and Araki, Michihiro and Goto, Susumu and Hattori, Masahiro and Hirakawa, Mika and Itoh, Masumi and Katayama, Toshiaki and Kawashima, Shuichi and Okuda, Shujiro and Tokimatsu, Toshiaki and others},
  journal={Nucleic acids research},
  volume={36},
  number={suppl 1},
  pages={D480--D484},
  year={2008},
  publisher={Oxford Univ Press}
}

@book{xie2015dynamic,
	title={Dynamic Documents with R and knitr},
	author={Xie, Yihui},
	volume={29},
	year={2015},
	publisher={CRC Press}
}

@article{yang2015fast,
	title={A fast unified algorithm for solving group-lasso penalize learning problems},
	author={Yang, Yi and Zou, Hui},
	journal={Statistics and Computing},
	volume={25},
	number={6},
	pages={1129--1141},
	year={2015},
	publisher={Springer}
}


@article{friedman2010regularization,
  title={Regularization paths for generalized linear models via coordinate descent},
  author={Friedman, Jerome and Hastie, Trevor and Tibshirani, Rob},
  journal={Journal of statistical software},
  volume={33},
  number={1},
  pages={1},
  year={2010},
  publisher={NIH Public Access}
}

 @article{gglasso,
    title = {gglasso: Group Lasso Penalized Learning Using A Unified BMD Algorithm},
    author = {Yi Yang and Hui Zou},
    year = {2014},
    note = {R package version 1.3},
    url = {http://CRAN.R-project.org/package=gglasso},
  }

   @Article{fastclust,
      title = {{fastcluster}: Fast Hierarchical, Agglomerative Clustering Routines for {R} and {Python}},
      author = {Daniel M\"ullner},
      journal = {Journal of Statistical Software},
      year = {2013},
      volume = {53},
      number = {9},
      pages = {1--18},
      url = {http://www.jstatsoft.org/v53/i09/},
    }


    @article{cruz2010generation,
      title={Generation of multivariate random variables with known marginal distribution and a specified correlation matrix},
      author={Cruz-Medina, IR and Osorio-S{\'a}nchez, M and Garc{\'\i}a-P{\'a}ez, F},
      journal={InterStat},
      volume={16},
      pages={19--29},
      year={2010}
    }

    @article{bernstein1994initial,
      title={Initial reliability and validity of a new retrospective measure of child abuse and neglect.},
      author={Bernstein, David P and Fink, Laura and Handelsman, Leonard and Foote, Jeffrey and Lovejoy, Meg and Wenzel, Katherine and Sapareto, Elizabeth and Ruggiero, Joseph},
      journal={The American journal of psychiatry},
      volume={151},
      number={8},
      pages={1132},
      year={1994},
      publisher={American Psychiatric Association}
    }

    @article{parker1979parental,
      title={A parental bonding instrument},
      author={Parker, Gordon and Tupling, Hilary and Brown, LB},
      journal={British Journal of Medical Psychology},
      volume={52},
      number={1},
      pages={1--10},
      year={1979},
      publisher={Wiley Online Library}
    }

    @article{putnam2006measurement,
      title={Measurement of fine-grained aspects of toddler temperament: The Early Childhood Behavior Questionnaire},
      author={Putnam, Samuel P and Gartstein, Maria A and Rothbart, Mary K},
      journal={Infant Behavior and Development},
      volume={29},
      number={3},
      pages={386--401},
      year={2006},
      publisher={Elsevier}
    }

    @article{aarabi2015high,
      title={High-dose folic acid supplementation alters the human sperm methylome and is influenced by the MTHFR C677T polymorphism},
      author={Aarabi, Mahmoud and San Gabriel, Maria C and Chan, Donovan and Behan, Nathalie A and Caron, Maxime and Pastinen, Tomi and Bourque, Guillaume and MacFarlane, Amanda J and Zini, Armand and Trasler, Jacquetta},
      journal={Human molecular genetics},
      pages={ddv338},
      year={2015},
      publisher={Oxford Univ Press}
    }

    @article{tobi2009dna,
      title={DNA methylation differences after exposure to prenatal famine are common and timing-and sex-specific},
      author={Tobi, Elmar W and Lumey, LH and Talens, Rudolf P and Kremer, Dennis and Putter, Hein and Stein, Aryeh D and Slagboom, P Eline and Heijmans, Bastiaan T},
      journal={Human molecular genetics},
      volume={18},
      number={21},
      pages={4046--4053},
      year={2009},
      publisher={Oxford Univ Press}
    }

    @article{khundrakpam2013developmental,
      title={Developmental changes in organization of structural brain networks},
      author={Khundrakpam, Budhachandra S and Reid, Andrew and Brauer, Jens and Carbonell, Felix and Lewis, John and Ameis, Stephanie and Karama, Sherif and Lee, Junki and Chen, Zhang and Das, Samir and others},
      journal={Cerebral Cortex},
      volume={23},
      number={9},
      pages={2072--2085},
      year={2013},
      publisher={Oxford Univ Press}
    }

    @article{shaw2006intellectual,
      title={Intellectual ability and cortical development in children and adolescents},
      author={Shaw, Philip and Greenstein, Deanna and Lerch, Jason and Clasen, Liv and Lenroot, Rhoshel and Gogtay, N et\&emsp14; al and Evans, Alan and Rapoport, J and Giedd, J},
      journal={Nature},
      volume={440},
      number={7084},
      pages={676--679},
      year={2006},
      publisher={Nature Publishing Group}
    }

    @article{zhang2005general,
      title={A general framework for weighted gene co-expression network analysis},
      author={Zhang, Bin and Horvath, Steve},
      journal={Statistical applications in genetics and molecular biology},
      volume={4},
      number={1},
      year={2005}
    }

    @article{sato2013inter,
      title={Inter-regional cortical thickness correlations are associated with autistic symptoms: a machine-learning approach},
      author={Sato, Jo{\~a}o Ricardo and Hoexter, Marcelo Queiroz and de Magalh{\~a}es Oliveira, Pedro Paulo and Brammer, Michael John and Murphy, Declan and Ecker, Christine and MRC AIMS Consortium and others},
      journal={Journal of psychiatric research},
      volume={47},
      number={4},
      pages={453--459},
      year={2013},
      publisher={Elsevier}
    }

    @article{ravasz2002hierarchical,
      title={Hierarchical organization of modularity in metabolic networks},
      author={Ravasz, Erzs{\'e}bet and Somera, Anna Lisa and Mongru, Dale A and Oltvai, Zolt{\'a}n N and Barab{\'a}si, A-L},
      journal={science},
      volume={297},
      number={5586},
      pages={1551--1555},
      year={2002},
      publisher={American Association for the Advancement of Science}
    }

    @article{witten2009penalized,
      title={A penalized matrix decomposition, with applications to sparse principal components and canonical correlation analysis},
      author={Witten, Daniela M and Tibshirani, Robert and Hastie, Trevor},
      journal={Biostatistics},
      pages={kxp008},
      year={2009},
      publisher={Biometrika Trust}
    }

    @article{langfelder2007eigengene,
      title={Eigengene networks for studying the relationships between co-expression modules},
      author={Langfelder, Peter and Horvath, Steve},
      journal={BMC systems biology},
      volume={1},
      number={1},
      pages={54},
      year={2007},
      publisher={BioMed Central Ltd}
    }

    @inproceedings{lee2001algorithms,
      title={Algorithms for non-negative matrix factorization},
      author={Lee, Daniel D and Seung, H Sebastian},
      booktitle={Advances in neural information processing systems},
      pages={556--562},
      year={2001}
    }

    @article{jenatton2009structured,
      title={Structured sparse principal component analysis},
      author={Jenatton, Rodolphe and Obozinski, Guillaume and Bach, Francis},
      journal={arXiv preprint arXiv:0909.1440},
      year={2009}
    }

    @article{bien2013lasso,
      title={A lasso for hierarchical interactions},
      author={Bien, Jacob and Taylor, Jonathan and Tibshirani, Robert and others},
      journal={The Annals of Statistics},
      volume={41},
      number={3},
      pages={1111--1141},
      year={2013},
      publisher={Institute of Mathematical Statistics}
    }

    @article{hardin2013method,
      title={A method for generating realistic correlation matrices},
      author={Hardin, Johanna and Garcia, Stephan Ramon and Golan, David and others},
      journal={The Annals of Applied Statistics},
      volume={7},
      number={3},
      pages={1733--1762},
      year={2013},
      publisher={Institute of Mathematical Statistics}
    }

    @article{tolocsi2011classification,
      title={Classification with correlated features: unreliability of feature ranking and solutions},
      author={Tolo{\c{s}}i, Laura and Lengauer, Thomas},
      journal={Bioinformatics},
      volume={27},
      number={14},
      pages={1986--1994},
      year={2011},
      publisher={Oxford Univ Press}
    }

    @article{langfelder2008defining,
      title={Defining clusters from a hierarchical cluster tree: the Dynamic Tree Cut package for R},
      author={Langfelder, Peter and Zhang, Bin and Horvath, Steve},
      journal={Bioinformatics},
      volume={24},
      number={5},
      pages={719--720},
      year={2008},
      publisher={Oxford Univ Press}
    }

    @article{cox1984interaction,
      title={Interaction},
      author={Cox, David R},
      journal={International Statistical Review/Revue Internationale de Statistique},
      pages={1--24},
      year={1984},
      publisher={JSTOR}
    }

    @article{witten2009extensions,
      title={Extensions of sparse canonical correlation analysis with applications to genomic data},
      author={Witten, Daniela M and Tibshirani, Robert J},
      journal={Statistical applications in genetics and molecular biology},
      volume={8},
      number={1},
      pages={1--27},
      year={2009}
    }

        @article{sheandjiang,
          title={Group Regularized Estimation under Structural Hierarchy},
          author={She, Y. and Jiang, H.},
          journal={arXiv e-prints},
          year={2014}
        }

        @article{chipman1996bayesian,
          title={Bayesian variable selection with related predictors},
          author={Chipman, Hugh},
          journal={Canadian Journal of Statistics},
          volume={24},
          number={1},
          pages={17--36},
          year={1996},
          publisher={Wiley Online Library}
        }

        @article{choi2010variable,
          title={Variable selection with the strong heredity constraint and its oracle property},
          author={Choi, Nam Hee and Li, William and Zhu, Ji},
          journal={Journal of the American Statistical Association},
          volume={105},
          number={489},
          pages={354--364},
          year={2010},
          publisher={Taylor \& Francis}
        }

        @article{zhao2009composite,
          title={The composite absolute penalties family for grouped and hierarchical variable selection},
          author={Zhao, Peng and Rocha, Guilherme and Yu, Bin},
          journal={The Annals of Statistics},
          pages={3468--3497},
          year={2009},
          publisher={JSTOR}
        }

        @article{radchenko2010variable,
          title={Variable selection using adaptive nonlinear interaction structures in high dimensions},
          author={Radchenko, Peter and James, Gareth M},
          journal={Journal of the American Statistical Association},
          volume={105},
          number={492},
          pages={1541--1553},
          year={2010},
          publisher={Taylor \& Francis}
        }



    @article{lim2015learning,
    	title={Learning interactions via hierarchical group-lasso regularization},
    	author={Lim, Michael and Hastie, Trevor},
    	journal={Journal of Computational and Graphical Statistics},
    	volume={24},
    	number={3},
    	pages={627--654},
    	year={2015},
    	publisher={Taylor \& Francis}
    }

        @article{she2014group,
          title={Group Regularized Estimation under Structural Hierarchy},
          author={She, Yiyuan and Jiang, He},
          journal={arXiv preprint arXiv:1411.4691},
          year={2014}
        }

  @article{hao2018model,
  	title={Model Selection for High-Dimensional Quadratic Regression via Regularization},
  	author={Hao, Ning and Feng, Yang and Zhang, Hao Helen},
  	journal={Journal of the American Statistical Association},
  	pages={1--11},
  	year={2018},
  	publisher={Taylor \& Francis}
  }

       @article{shah2016modelling,
       	title={Modelling interactions in high-dimensional data with backtracking},
       	author={Shah, Rajen D},
       	journal={Journal of Machine Learning Research},
       	volume={17},
       	number={207},
       	pages={1--31},
       	year={2016}
       }

    @article{haris2016convex,
    	title={Convex modeling of interactions with strong heredity},
    	author={Haris, Asad and Witten, Daniela and Simon, Noah},
    	journal={Journal of Computational and Graphical Statistics},
    	volume={25},
    	number={4},
    	pages={981--1004},
    	year={2016},
    	publisher={Taylor \& Francis}
    }

        @book{mccullagh1989generalized,
          title={Generalized linear models},
          author={McCullagh, Peter and Nelder, John A},
          volume={37},
          year={1989},
          publisher={CRC press}
        }

        @article{dettling2005searching,
          title={Searching for differentially expressed gene combinations},
          author={Dettling, Marcel and Gabrielson, Edward and Parmigiani, Giovanni},
          journal={Genome biology},
          volume={6},
          number={10},
          pages={R88},
          year={2005},
          publisher={BioMed Central Ltd}
        }

        @article{kayano2014detecting,
          title={Detecting differentially coexpressed genes from labeled expression data: a brief review},
          author={Kayano, Mitsunori and Shiga, Motoki and Mamitsuka, Hiroshi},
          journal={Computational Biology and Bioinformatics, IEEE/ACM Transactions on},
          volume={11},
          number={1},
          pages={154--167},
          year={2014},
          publisher={IEEE}
        }

        @article{kayano2011ros,
          title={ROS-DET: robust detector of switching mechanisms in gene expression},
          author={Kayano, Mitsunori and Takigawa, Ichigaku and Shiga, Motoki and Tsuda, Koji and Mamitsuka, Hiroshi},
          journal={Nucleic acids research},
          volume={39},
          number={11},
          pages={e74--e74},
          year={2011},
          publisher={Oxford Univ Press}
        }

        @article{tibshirani2001estimating,
          title={Estimating the number of clusters in a data set via the gap statistic},
          author={Tibshirani, Robert and Walther, Guenther and Hastie, Trevor},
          journal={Journal of the Royal Statistical Society: Series B (Statistical Methodology)},
          volume={63},
          number={2},
          pages={411--423},
          year={2001},
          publisher={Wiley Online Library}
        }

        @article{mai2015fused,
          title={The fused Kolmogorov filter: A nonparametric model-free screening method},
          author={Mai, Qing and Zou, Hui},
          journal={The Annals of Statistics},
          volume={43},
          number={4},
          pages={1471--1497},
          year={2015},
          publisher={Institute of Mathematical Statistics}
        }

        @article{mai2012kolmogorov,
          title={The Kolmogorov filter for variable screening in high-dimensional binary classification},
          author={Mai, Qing and Zou, Hui},
          journal={Biometrika},
          pages={ass062},
          year={2012},
          publisher={Biometrika Trust}
        }


        @article{reid2016sparse,
        	title={Sparse regression and marginal testing using cluster prototypes},
        	author={Reid, Stephen and Tibshirani, Robert},
        	journal={Biostatistics},
        	volume={17},
        	number={2},
        	pages={364--376},
        	year={2016},
        	publisher={Biometrika Trust}
        }

        @article{kuhn2008caret,
        	title={Caret package},
        	author={Kuhn, Max},
        	journal={Journal of Statistical Software},
        	volume={28},
        	number={5},
        	year={2008}
        }

        @article{klein2016gene,
        	title={Gene Coexpression Analyses Differentiate Networks Associated with Diverse Cancers Harboring TP53 Missense or Null Mutations},
        	author={Klein, Kathleen Oros and Oualkacha, Karim and Lafond, Marie-H{\'e}l{\`e}ne and Bhatnagar, Sahir and Tonin, Patricia N and Greenwood, Celia MT},
        	journal={Frontiers in Genetics},
        	volume={7},
        	year={2016},
        	publisher={Frontiers Media SA}
        }

        @article{friedman1991multivariate,
        	title={Multivariate adaptive regression splines},
        	author={Friedman, Jerome H},
        	journal={The annals of statistics},
        	pages={1--67},
        	year={1991},
        	publisher={JSTOR}
        }

        @Manual{earthpackage,
        	title = {earth: Multivariate Adaptive Regression Splines},
        	author = {S. {Milborrow. Derived from mda:mars by T. Hastie and R. Tibshirani.}},
        	year = {2011},
        	note = {R package},
        	url = {http://CRAN.R-project.org/package=earth}
        }

          @Manual{cran,
          	title = {R: A Language and Environment for Statistical Computing},
          	author = {{R Core Team}},
          	organization = {R Foundation for Statistical Computing},
          	address = {Vienna, Austria},
          	year = {2017},
          	url = {https://www.R-project.org/},
          }

            @Manual{dynamictreecut,
            	title = {dynamicTreeCut: Methods for Detection of Clusters in Hierarchical Clustering
            	Dendrograms},
            	author = {Peter Langfelder and Bin Zhang and with contributions from Steve Horvath},
            	year = {2016},
            	note = {R package version 1.63-1},
            	url = {https://CRAN.R-project.org/package=dynamicTreeCut},
            }

            @article{langfelder2008wgcna,
            	title={WGCNA: an R package for weighted correlation network analysis},
            	author={Langfelder, Peter and Horvath, Steve},
            	journal={BMC bioinformatics},
            	volume={9},
            	number={1},
            	pages={1},
            	year={2008},
            	publisher={BioMed Central}
            }

